<?xml version="1.0" encoding="UTF-8"?><record xmlns="http://www.loc.gov/MARC21/slim" xmlns:cinclude="http://apache.org/cocoon/include/1.0" xmlns:zs="http://www.loc.gov/zing/srw/">
  <leader>00361nz  a2200121n  4500</leader>
  <controlfield tag="001">n  88630813 </controlfield>
  <controlfield tag="003">DLC</controlfield>
  <controlfield tag="005">19880426110529.5</controlfield>
  <controlfield tag="008">880426n| acannaab|          |n aad |||  </controlfield>
  <datafield tag="010" ind1=" " ind2=" ">
    <subfield code="a">n  88630813 </subfield>
  </datafield>
  <datafield tag="040" ind1=" " ind2=" ">
    <subfield code="a">DLC</subfield>
    <subfield code="c">DLC</subfield>
  </datafield>
  <datafield tag="100" ind1="1" ind2="0">
    <subfield code="a">Zacharia, J.</subfield>
  </datafield>
  <datafield tag="670" ind1=" " ind2=" ">
    <subfield code="a">nuc88-49323: Oil-stain damage in textile processing, 1979</subfield>
    <subfield code="b">(hdg. on DSI rept.: Zacharia, J.; usage: J. Zacharia)</subfield>
  </datafield>
</record>